@online{logo,
  author = {LittleAngell},
  title = {Needle in a haystack},
  year = 2016,
  url = {https://pixabay.com/photos/needle-hay-needle-in-a-haystack-1419606/},
  urldate = {2020-02-24}
},

@online{hay,
  author = {Unknown},
  title = {Haystack},
  year = 2017,
  url = {https://pxhere.com/en/photo/993192},
  urldate = {2020-02-24}
}

@online{needlestack,
  author = {Unknown},
  title = {Stack of needles},
  year = 2017,
  url = {https://pxhere.com/en/photo/1349195},
  urldate = {2020-02-24}
}

@online{patient,
  author = {Unknown},
  title = {Sneezing woman},
  year = 2017,
  url = {https://pxhere.com/en/photo/891702},
  urldate = {2020-02-24}
}

@online{accident,
  author = {Unknown},
  title = {Accident},
  year = 2017,
  url = {https://pxhere.com/en/photo/682656},
  urldate = {2020-02-24}
}

@online{virus,
  author = {Adrian Maglaqui},
  title = {Integration of viral DNA into host genome},
  year = 2016,
  url = {https://commons.wikimedia.org/wiki/File:Integration_of_viral_DNA_into_host_genome.png},
  urldate = {2020-02-24}
}

@article{patholive,
  author = {Simon H. Tausch and Tobias P. Loka and Jakob M. Schulze and Andreas Andrusch and Jeanette Klenner and Piotr W. Dabrowski and Martin S. Lindner and Andreas Nitsche and Bernhard Y. Renard},
  title = {PathoLive - Real time pathogen identification from metagenomic Illumina datasets},
  year = {2018},
  journal = {bioRxiv},
  doi = {https://doi.org/10.1101/402370}
}

@online{camels,
  author = {Nina Magnolia},
  title = {It is Camels},
  year = 2020,
  url = {https://pxhere.com/en/photo/1604201},
  urldate = {2020-02-24}
}

@online{face,
  author = {An Min},
  title = {Beautiful girl in Viet Nam},
  year = 2018,
  url = {https://pxhere.com/en/photo/1419067},
  urldate = {2020-02-24}
}
